<?xml version = "1.0" encoding = "UTF-8"?><record>
  <leader>01340nam#a2200349#c#4500</leader>
  <controlfield tag="005">20210408104229.0</controlfield>
  <controlfield tag="007">tu</controlfield>
  <controlfield tag="008">010220|2001####gw############|||#|#ger#c</controlfield>
  <controlfield tag="003">DE-605</controlfield>
  <controlfield tag="001">990112542770206441</controlfield>
  <datafield tag="016" ind1="7" ind2=" ">
    <subfield code="a">1068867512</subfield>
    <subfield code="2">OCoLC</subfield>
  </datafield>
  <datafield tag="020" ind1=" " ind2=" ">
    <subfield code="a">9783642631948</subfield>
    <subfield code="9">978-3-642-63194-8</subfield>
    <subfield code="0">(uri) http://www.isbnsearch.org/isbn/9783642631948</subfield>
  </datafield>
  <datafield tag="020" ind1=" " ind2=" ">
    <subfield code="a">3540676376</subfield>
    <subfield code="c">Pp. : EUR 129.95</subfield>
    <subfield code="9">3-540-67637-6</subfield>
    <subfield code="0">(uri) http://www.isbnsearch.org/isbn/3540676376</subfield>
  </datafield>
  <datafield tag="035" ind1=" " ind2=" ">
    <subfield code="a">(DE-605)HT012926727</subfield>
  </datafield>
  <datafield tag="040" ind1=" " ind2=" ">
    <subfield code="a">6</subfield>
    <subfield code="b">ger</subfield>
    <subfield code="d">290</subfield>
    <subfield code="e">rakwb</subfield>
  </datafield>
  <datafield tag="041" ind1=" " ind2=" ">
    <subfield code="a">ger</subfield>
  </datafield>
  <datafield tag="044" ind1=" " ind2=" ">
    <subfield code="c">XA-DE</subfield>
  </datafield>
  <datafield tag="100" ind1="1" ind2=" ">
    <subfield code="a">M&#252;ller, Leonhard</subfield>
    <subfield code="d">1929-</subfield>
    <subfield code="0">(DE-588)1031919368</subfield>
    <subfield code="4">aut</subfield>
    <subfield code="0">(uri) https://portal.dnb.de/opac.htm?method=simpleSearch&amp;cqlMode=true&amp;query=idn=1031919368</subfield>
    <subfield code="0">(uri) http://viaf.org/viaf/sourceID/DNB|1031919368</subfield>
    <subfield code="B">GND-1031919368</subfield>
  </datafield>
  <datafield tag="245" ind1="1" ind2="0">
    <subfield code="a">Handbuch der Elektrizit&#228;tswirtschaft</subfield>
    <subfield code="b">technische, wirtschaftliche und rechtliche Grundlagen</subfield>
    <subfield code="c">Leonhard M&#252;ller</subfield>
  </datafield>
  <datafield tag="250" ind1=" " ind2=" ">
    <subfield code="a">2. Aufl.</subfield>
  </datafield>
  <datafield tag="264" ind1=" " ind2="1">
    <subfield code="a">Berlin [u.a.]</subfield>
    <subfield code="b">Springer</subfield>
    <subfield code="c">2001</subfield>
  </datafield>
  <datafield tag="300" ind1=" " ind2=" ">
    <subfield code="a">XIV, 514 S. : graph. Darst., Kt.</subfield>
    <subfield code="e">1 Kt.-Beil.</subfield>
  </datafield>
  <datafield tag="500" ind1=" " ind2=" ">
    <subfield code="a">Hier auch sp&#228;ter erschienene, unver&#228;nderte Nachdrucke</subfield>
    <subfield code="9">F:511</subfield>
  </datafield>
  <datafield tag="500" ind1=" " ind2=" ">
    <subfield code="a">Kt. im Nachdr. eingebunden</subfield>
    <subfield code="9">F:512</subfield>
  </datafield>
  <datafield tag="689" ind1="0" ind2="0">
    <subfield code="a">Deutschland</subfield>
    <subfield code="D">g</subfield>
    <subfield code="0">(DE-588)4011882-4</subfield>
    <subfield code="0">(uri) https://portal.dnb.de/opac.htm?method=simpleSearch&amp;cqlMode=true&amp;query=idn=040118827</subfield>
    <subfield code="0">(uri) http://viaf.org/viaf/sourceID/DNB|040118827</subfield>
    <subfield code="B">GND-040118827</subfield>
  </datafield>
  <datafield tag="689" ind1="0" ind2="1">
    <subfield code="a">Elektrizit&#228;tswirtschaft</subfield>
    <subfield code="D">s</subfield>
    <subfield code="0">(DE-588)4014228-0</subfield>
    <subfield code="0">(uri) https://portal.dnb.de/opac.htm?method=simpleSearch&amp;cqlMode=true&amp;query=idn=040142280</subfield>
    <subfield code="0">(uri) http://viaf.org/viaf/sourceID/DNB|040142280</subfield>
    <subfield code="B">GND-040142280</subfield>
  </datafield>
  <datafield tag="856" ind1="4" ind2="2">
    <subfield code="m">V:DE-605;X:Imageware</subfield>
    <subfield code="q">application/pdf</subfield>
    <subfield code="u">http://digitale-objekte.hbz-nrw.de/storage2/2018/01/31/file_20/7507718.pdf</subfield>
    <subfield code="3">Inhaltsverzeichnis</subfield>
    <subfield code="9">O:PKN</subfield>
  </datafield>
  <datafield tag="964" ind1="0" ind2="s">
    <subfield code="F">030</subfield>
    <subfield code="A">a|1uc||||||17</subfield>
  </datafield>
  <datafield tag="964" ind1="0" ind2="s">
    <subfield code="F">050</subfield>
    <subfield code="A">a|||||||||||||</subfield>
  </datafield>
  <datafield tag="964" ind1="0" ind2="s">
    <subfield code="F">051</subfield>
    <subfield code="A">m|||||||</subfield>
  </datafield>
  <datafield tag="035" ind1=" " ind2=" ">
    <subfield code="a">(OCoLC)1068867512</subfield>
    <subfield code="0">(uri) http://www.worldcat.org/oclc/1068867512</subfield>
  </datafield>
  <datafield tag="035" ind1=" " ind2=" ">
    <subfield code="a">(DE-599)HBZHT012926727</subfield>
  </datafield>
  <datafield tag="MBD" ind1=" " ind2=" ">
    <subfield code="M">49HBZ_NETWORK</subfield>
    <subfield code="i">990112542770206441</subfield>
    <subfield code="n">HBZ Network</subfield>
  </datafield>
  <datafield tag="MBD" ind1=" " ind2=" ">
    <subfield code="M">49HBZ_FHA</subfield>
    <subfield code="i">991002871849706444</subfield>
    <subfield code="n">FHB Aachen</subfield>
  </datafield>
  <datafield tag="020" ind1=" " ind2=" ">
    <subfield code="a">9783642631948</subfield>
    <subfield code="9">978-3-642-63194-8</subfield>
    <subfield code="M">49HBZ_FHA</subfield>
  </datafield>
  <datafield tag="020" ind1=" " ind2=" ">
    <subfield code="a">3540676376</subfield>
    <subfield code="c">Pp. : EUR 129.95</subfield>
    <subfield code="9">3-540-67637-6</subfield>
    <subfield code="M">49HBZ_FHA</subfield>
  </datafield>
  <datafield tag="500" ind1=" " ind2=" ">
    <subfield code="a">Hier auch sp&#228;ter erschienene, unver&#228;nderte Nachdrucke</subfield>
    <subfield code="9">F:511</subfield>
    <subfield code="M">49HBZ_FHA</subfield>
  </datafield>
  <datafield tag="500" ind1=" " ind2=" ">
    <subfield code="a">Kt. im Nachdr. eingebunden</subfield>
    <subfield code="9">F:512</subfield>
    <subfield code="M">49HBZ_FHA</subfield>
  </datafield>
  <datafield tag="856" ind1="4" ind2="2">
    <subfield code="m">V:DE-605;X:Imageware</subfield>
    <subfield code="q">application/pdf</subfield>
    <subfield code="u">http://digitale-objekte.hbz-nrw.de/storage2/2018/01/31/file_20/7507718.pdf</subfield>
    <subfield code="3">Inhaltsverzeichnis</subfield>
    <subfield code="9">O:PKN</subfield>
    <subfield code="M">49HBZ_FHA</subfield>
  </datafield>
  <datafield tag="980" ind1="1" ind2=" ">
    <subfield code="e">HBZ</subfield>
    <subfield code="9">LOCAL</subfield>
    <subfield code="M">49HBZ_FHA</subfield>
  </datafield>
  <datafield tag="981" ind1=" " ind2=" ">
    <subfield code="a">(A96)232735</subfield>
    <subfield code="9">LOCAL</subfield>
    <subfield code="M">49HBZ_FHA</subfield>
  </datafield>
  <datafield tag="983" ind1=" " ind2=" ">
    <subfield code="b">ZPH</subfield>
    <subfield code="9">LOCAL</subfield>
    <subfield code="M">49HBZ_FHA</subfield>
  </datafield>
  <datafield tag="989" ind1=" " ind2=" ">
    <subfield code="a">neu0712</subfield>
    <subfield code="9">LOCAL</subfield>
    <subfield code="M">49HBZ_FHA</subfield>
  </datafield>
  <datafield tag="991" ind1=" " ind2=" ">
    <subfield code="a">th</subfield>
    <subfield code="9">LOCAL</subfield>
    <subfield code="M">49HBZ_FHA</subfield>
  </datafield>
  <datafield tag="997" ind1=" " ind2=" ">
    <subfield code="a">20071121</subfield>
    <subfield code="9">LOCAL</subfield>
    <subfield code="M">49HBZ_FHA</subfield>
  </datafield>
  <datafield tag="MBD" ind1=" " ind2=" ">
    <subfield code="M">49HBZ_UBD</subfield>
    <subfield code="i">991005021259706445</subfield>
    <subfield code="n">UB Dortmund</subfield>
  </datafield>
  <datafield tag="020" ind1=" " ind2=" ">
    <subfield code="a">9783642631948</subfield>
    <subfield code="9">978-3-642-63194-8</subfield>
    <subfield code="M">49HBZ_UBD</subfield>
  </datafield>
  <datafield tag="020" ind1=" " ind2=" ">
    <subfield code="a">3540676376</subfield>
    <subfield code="c">Pp. : EUR 129.95</subfield>
    <subfield code="9">3-540-67637-6</subfield>
    <subfield code="M">49HBZ_UBD</subfield>
  </datafield>
  <datafield tag="500" ind1=" " ind2=" ">
    <subfield code="a">Hier auch sp&#228;ter erschienene, unver&#228;nderte Nachdrucke</subfield>
    <subfield code="9">F:511</subfield>
    <subfield code="M">49HBZ_UBD</subfield>
  </datafield>
  <datafield tag="500" ind1=" " ind2=" ">
    <subfield code="a">Kt. im Nachdr. eingebunden</subfield>
    <subfield code="9">F:512</subfield>
    <subfield code="M">49HBZ_UBD</subfield>
  </datafield>
  <datafield tag="856" ind1="4" ind2="2">
    <subfield code="m">V:DE-605;X:Imageware</subfield>
    <subfield code="q">application/pdf</subfield>
    <subfield code="u">http://digitale-objekte.hbz-nrw.de/storage2/2018/01/31/file_20/7507718.pdf</subfield>
    <subfield code="3">Inhaltsverzeichnis</subfield>
    <subfield code="9">O:PKN</subfield>
    <subfield code="M">49HBZ_UBD</subfield>
  </datafield>
  <datafield tag="980" ind1="1" ind2=" ">
    <subfield code="e">HBZ</subfield>
    <subfield code="9">LOCAL</subfield>
    <subfield code="M">49HBZ_UBD</subfield>
  </datafield>
  <datafield tag="981" ind1=" " ind2=" ">
    <subfield code="a">(DE-290)1512377</subfield>
    <subfield code="9">LOCAL</subfield>
    <subfield code="M">49HBZ_UBD</subfield>
  </datafield>
  <datafield tag="997" ind1=" " ind2=" ">
    <subfield code="a">20150805</subfield>
    <subfield code="9">LOCAL</subfield>
    <subfield code="M">49HBZ_UBD</subfield>
  </datafield>
  <datafield tag="MBD" ind1=" " ind2=" ">
    <subfield code="M">49HBZ_UDE</subfield>
    <subfield code="i">990008622670206446</subfield>
    <subfield code="n">UB Duisburg-Essen</subfield>
  </datafield>
  <datafield tag="020" ind1=" " ind2=" ">
    <subfield code="a">9783642631948</subfield>
    <subfield code="9">978-3-642-63194-8</subfield>
    <subfield code="M">49HBZ_UDE</subfield>
  </datafield>
  <datafield tag="020" ind1=" " ind2=" ">
    <subfield code="a">3540676376</subfield>
    <subfield code="c">Pp. : EUR 129.95</subfield>
    <subfield code="9">3-540-67637-6</subfield>
    <subfield code="M">49HBZ_UDE</subfield>
  </datafield>
  <datafield tag="500" ind1=" " ind2=" ">
    <subfield code="a">Hier auch sp&#228;ter erschienene, unver&#228;nderte Nachdrucke</subfield>
    <subfield code="9">F:511</subfield>
    <subfield code="M">49HBZ_UDE</subfield>
  </datafield>
  <datafield tag="500" ind1=" " ind2=" ">
    <subfield code="a">Kt. im Nachdr. eingebunden</subfield>
    <subfield code="9">F:512</subfield>
    <subfield code="M">49HBZ_UDE</subfield>
  </datafield>
  <datafield tag="856" ind1="4" ind2="2">
    <subfield code="m">V:DE-605;X:Imageware</subfield>
    <subfield code="q">application/pdf</subfield>
    <subfield code="u">http://digitale-objekte.hbz-nrw.de/storage2/2018/01/31/file_20/7507718.pdf</subfield>
    <subfield code="3">Inhaltsverzeichnis</subfield>
    <subfield code="9">O:PKN</subfield>
    <subfield code="M">49HBZ_UDE</subfield>
  </datafield>
  <datafield tag="983" ind1=" " ind2=" ">
    <subfield code="b">ZHP</subfield>
    <subfield code="9">LOCAL</subfield>
    <subfield code="M">49HBZ_UDE</subfield>
  </datafield>
  <datafield tag="983" ind1=" " ind2=" ">
    <subfield code="b">XYG</subfield>
    <subfield code="9">LOCAL</subfield>
    <subfield code="M">49HBZ_UDE</subfield>
  </datafield>
  <datafield tag="983" ind1=" " ind2=" ">
    <subfield code="b">ZPO</subfield>
    <subfield code="9">LOCAL</subfield>
    <subfield code="M">49HBZ_UDE</subfield>
  </datafield>
  <datafield tag="983" ind1=" " ind2=" ">
    <subfield code="b">PUM</subfield>
    <subfield code="9">LOCAL</subfield>
    <subfield code="M">49HBZ_UDE</subfield>
  </datafield>
  <datafield tag="MBD" ind1=" " ind2=" ">
    <subfield code="M">49HBZ_WUP</subfield>
    <subfield code="i">990008431060206447</subfield>
    <subfield code="n">UB Wuppertal</subfield>
  </datafield>
  <datafield tag="020" ind1=" " ind2=" ">
    <subfield code="a">9783642631948</subfield>
    <subfield code="9">978-3-642-63194-8</subfield>
    <subfield code="M">49HBZ_WUP</subfield>
  </datafield>
  <datafield tag="020" ind1=" " ind2=" ">
    <subfield code="a">3540676376</subfield>
    <subfield code="c">Pp. : EUR 129.95</subfield>
    <subfield code="9">3-540-67637-6</subfield>
    <subfield code="M">49HBZ_WUP</subfield>
  </datafield>
  <datafield tag="500" ind1=" " ind2=" ">
    <subfield code="a">Hier auch sp&#228;ter erschienene, unver&#228;nderte Nachdrucke</subfield>
    <subfield code="9">F:511</subfield>
    <subfield code="M">49HBZ_WUP</subfield>
  </datafield>
  <datafield tag="500" ind1=" " ind2=" ">
    <subfield code="a">Kt. im Nachdr. eingebunden</subfield>
    <subfield code="9">F:512</subfield>
    <subfield code="M">49HBZ_WUP</subfield>
  </datafield>
  <datafield tag="856" ind1="4" ind2="2">
    <subfield code="m">V:DE-605;X:Imageware</subfield>
    <subfield code="q">application/pdf</subfield>
    <subfield code="u">http://digitale-objekte.hbz-nrw.de/storage2/2018/01/31/file_20/7507718.pdf</subfield>
    <subfield code="3">Inhaltsverzeichnis</subfield>
    <subfield code="9">O:PKN</subfield>
    <subfield code="M">49HBZ_WUP</subfield>
  </datafield>
  <datafield tag="983" ind1=" " ind2=" ">
    <subfield code="b">XYG</subfield>
    <subfield code="9">LOCAL</subfield>
    <subfield code="M">49HBZ_WUP</subfield>
  </datafield>
  <datafield tag="MBD" ind1=" " ind2=" ">
    <subfield code="M">49HBZ_DUE</subfield>
    <subfield code="i">990013789850206443</subfield>
    <subfield code="n">ULB D&#252;sseldorf</subfield>
  </datafield>
  <datafield tag="020" ind1=" " ind2=" ">
    <subfield code="a">9783642631948</subfield>
    <subfield code="9">978-3-642-63194-8</subfield>
    <subfield code="M">49HBZ_DUE</subfield>
  </datafield>
  <datafield tag="020" ind1=" " ind2=" ">
    <subfield code="a">3540676376</subfield>
    <subfield code="c">Pp. : EUR 129.95</subfield>
    <subfield code="9">3-540-67637-6</subfield>
    <subfield code="M">49HBZ_DUE</subfield>
  </datafield>
  <datafield tag="500" ind1=" " ind2=" ">
    <subfield code="a">Hier auch sp&#228;ter erschienene, unver&#228;nderte Nachdrucke</subfield>
    <subfield code="9">F:511</subfield>
    <subfield code="M">49HBZ_DUE</subfield>
  </datafield>
  <datafield tag="500" ind1=" " ind2=" ">
    <subfield code="a">Kt. im Nachdr. eingebunden</subfield>
    <subfield code="9">F:512</subfield>
    <subfield code="M">49HBZ_DUE</subfield>
  </datafield>
  <datafield tag="856" ind1="4" ind2="2">
    <subfield code="m">V:DE-605;X:Imageware</subfield>
    <subfield code="q">application/pdf</subfield>
    <subfield code="u">http://digitale-objekte.hbz-nrw.de/storage2/2018/01/31/file_20/7507718.pdf</subfield>
    <subfield code="3">Inhaltsverzeichnis</subfield>
    <subfield code="9">O:PKN</subfield>
    <subfield code="M">49HBZ_DUE</subfield>
  </datafield>
  <datafield tag="983" ind1=" " ind2=" ">
    <subfield code="a">wirq509</subfield>
    <subfield code="9">LOCAL</subfield>
    <subfield code="M">49HBZ_DUE</subfield>
  </datafield>
  <datafield tag="983" ind1=" " ind2=" ">
    <subfield code="a">jurj354</subfield>
    <subfield code="9">LOCAL</subfield>
    <subfield code="M">49HBZ_DUE</subfield>
  </datafield>
  <datafield tag="996" ind1=" " ind2=" ">
    <subfield code="s">Elektrizit&#228;tswirtschaft</subfield>
    <subfield code="0">(DE-588)4014228-0</subfield>
    <subfield code="9">LOCAL</subfield>
    <subfield code="M">49HBZ_DUE</subfield>
  </datafield>
  <datafield tag="996" ind1=" " ind2=" ">
    <subfield code="s">Grundlage</subfield>
    <subfield code="0">(DE-588)4158388-7</subfield>
    <subfield code="9">LOCAL</subfield>
    <subfield code="M">49HBZ_DUE</subfield>
  </datafield>
  <datafield tag="996" ind1=" " ind2=" ">
    <subfield code="a">Elektrizit&#228;t</subfield>
    <subfield code="9">LOCAL</subfield>
    <subfield code="M">49HBZ_DUE</subfield>
  </datafield>
  <datafield tag="996" ind1=" " ind2=" ">
    <subfield code="a">Recht</subfield>
    <subfield code="9">LOCAL</subfield>
    <subfield code="M">49HBZ_DUE</subfield>
  </datafield>
  <datafield tag="996" ind1=" " ind2=" ">
    <subfield code="a">Rechtlichkeit</subfield>
    <subfield code="9">LOCAL</subfield>
    <subfield code="M">49HBZ_DUE</subfield>
  </datafield>
  <datafield tag="996" ind1=" " ind2=" ">
    <subfield code="a">Technik</subfield>
    <subfield code="9">LOCAL</subfield>
    <subfield code="M">49HBZ_DUE</subfield>
  </datafield>
  <datafield tag="996" ind1=" " ind2=" ">
    <subfield code="a">Wirtschaft</subfield>
    <subfield code="9">LOCAL</subfield>
    <subfield code="M">49HBZ_DUE</subfield>
  </datafield>
  <datafield tag="996" ind1=" " ind2=" ">
    <subfield code="a">rechtlich</subfield>
    <subfield code="9">LOCAL</subfield>
    <subfield code="M">49HBZ_DUE</subfield>
  </datafield>
  <datafield tag="996" ind1=" " ind2=" ">
    <subfield code="a">technisch</subfield>
    <subfield code="9">LOCAL</subfield>
    <subfield code="M">49HBZ_DUE</subfield>
  </datafield>
  <datafield tag="996" ind1=" " ind2=" ">
    <subfield code="a">wirtschaftlich</subfield>
    <subfield code="9">LOCAL</subfield>
    <subfield code="M">49HBZ_DUE</subfield>
  </datafield>
  <datafield tag="MNG" ind1=" " ind2=" ">
    <subfield code="c">System</subfield>
    <subfield code="f">ILS</subfield>
    <subfield code="i">marc21</subfield>
    <subfield code="k">01</subfield>
    <subfield code="e">false</subfield>
    <subfield code="d">2021-06-01 04:03:37 Europe/Berlin</subfield>
    <subfield code="g">011254277-HBZ01</subfield>
    <subfield code="j">60</subfield>
    <subfield code="a">import</subfield>
    <subfield code="b">2021-04-05 23:25:03 Europe/Berlin</subfield>
  </datafield>
  <datafield tag="H52" ind1="8" ind2=" ">
    <subfield code="b">EUP</subfield>
    <subfield code="c">EUP_Frei</subfield>
    <subfield code="h">21 ZPH 74(2)</subfield>
    <subfield code="8">2281133380006444</subfield>
  </datafield>
  <datafield tag="HOL" ind1=" " ind2=" ">
    <subfield code="b">2021-04-20 15:40:01</subfield>
    <subfield code="8">2281133380006444</subfield>
    <subfield code="M">49HBZ_FHA</subfield>
    <subfield code="g">false</subfield>
    <subfield code="a">import</subfield>
  </datafield>
  <datafield tag="ITM" ind1=" " ind2=" ">
    <subfield code="H">2281133380006444</subfield>
    <subfield code="x">EUP_Frei</subfield>
    <subfield code="f">BOOK</subfield>
    <subfield code="v">EUP_Frei</subfield>
    <subfield code="X">System</subfield>
    <subfield code="U">2021-04-20 10:59:00</subfield>
    <subfield code="Y">2021-04-20 15:40:33</subfield>
    <subfield code="h">false</subfield>
    <subfield code="P">ClassificationNo: 2510</subfield>
    <subfield code="G">1</subfield>
    <subfield code="Q">Fernleihkonditionen: 0</subfield>
    <subfield code="M">49HBZ_FHA</subfield>
    <subfield code="s">1</subfield>
    <subfield code="d">8</subfield>
    <subfield code="V">import</subfield>
    <subfield code="L">RFID-Tag: E00401004580FEF3,E0040100421A4557,X,X</subfield>
    <subfield code="b">21 ZPH 74(2)</subfield>
    <subfield code="O">SISIS-Ausleihz&#228;hler Migrationsjahr: 0 | SISIS-Ausleihz&#228;hler Vor-Migrationsjahr: 0 | SISIS-Ausleihz&#228;hler vorletztes Migrationsjahr: 0 | SISIS-Vormerkz&#228;hler Migrationsjahr: 0 | SISIS-vorletztes R&#252;ckgabedatum: 2013-10-18</subfield>
    <subfield code="N">SISIS-Buchdaten-Aufnahmedatum: 2007-12-06 | Altersbegrenzung: 0</subfield>
    <subfield code="a">2381133370006444</subfield>
    <subfield code="c">21 ZPH 74(2)</subfield>
    <subfield code="B">07/4141</subfield>
    <subfield code="K">1 Beilagen</subfield>
    <subfield code="W">2021-04-20 15:40:01</subfield>
    <subfield code="u">EUP</subfield>
    <subfield code="w">EUP</subfield>
  </datafield>
  <datafield tag="H52" ind1=" " ind2=" ">
    <subfield code="b">ZB</subfield>
    <subfield code="c">Freihand</subfield>
    <subfield code="8">22191048570006445</subfield>
  </datafield>
  <datafield tag="HOL" ind1=" " ind2=" ">
    <subfield code="b">2021-04-19 15:16:01</subfield>
    <subfield code="8">22191048570006445</subfield>
    <subfield code="M">49HBZ_UBD</subfield>
    <subfield code="g">false</subfield>
    <subfield code="a">import</subfield>
  </datafield>
  <datafield tag="ITM" ind1=" " ind2=" ">
    <subfield code="H">22191048570006445</subfield>
    <subfield code="x">Freihand</subfield>
    <subfield code="f">BOOK</subfield>
    <subfield code="v">Freihand</subfield>
    <subfield code="X">System</subfield>
    <subfield code="U">2021-04-19 10:59:00</subfield>
    <subfield code="Y">2021-04-19 15:16:38</subfield>
    <subfield code="h">false</subfield>
    <subfield code="n">V 10968/2</subfield>
    <subfield code="G">1</subfield>
    <subfield code="M">49HBZ_UBD</subfield>
    <subfield code="s">1</subfield>
    <subfield code="d">#</subfield>
    <subfield code="V">import</subfield>
    <subfield code="L">ClassificationNo: 2100 | SISIS-Magazindrucker: 0 | HBZ01: HT012926727</subfield>
    <subfield code="b">20164238</subfield>
    <subfield code="O">SISIS-Ausleihz&#228;hler vorletztes Migrationsjahr: 0 | SISIS-Vormerkz&#228;hler Migrationsjahr: 0 | SISIS-vorletztes R&#252;ckgabedatum: 2018-09-25 | SISIS-Buchdaten-Aufnahmedatum: 2015-08-05</subfield>
    <subfield code="N">Fernleihkonditionen: 0 | Sigel: 290 | Klassifikation: 2100 | Altersbegrenzung: 0 | SISIS-Ausleihz&#228;hler Migrationsjahr: 0 | SISIS-Ausleihz&#228;hler Vor-Migrationsjahr: 1</subfield>
    <subfield code="a">23191048560006445</subfield>
    <subfield code="B">ZB-97387</subfield>
    <subfield code="W">2021-04-19 15:16:01</subfield>
    <subfield code="u">ZB</subfield>
    <subfield code="w">ZB</subfield>
  </datafield>
  <datafield tag="H52" ind1="8" ind2=" ">
    <subfield code="b">E0001</subfield>
    <subfield code="c">E31</subfield>
    <subfield code="h">ZPH3644(2)</subfield>
    <subfield code="8">22373089560006446</subfield>
  </datafield>
  <datafield tag="HOL" ind1=" " ind2=" ">
    <subfield code="b">2021-04-15 16:13:06</subfield>
    <subfield code="8">22373089560006446</subfield>
    <subfield code="M">49HBZ_UDE</subfield>
    <subfield code="g">false</subfield>
    <subfield code="a">import</subfield>
  </datafield>
  <datafield tag="H52" ind1="8" ind2=" ">
    <subfield code="b">D0001</subfield>
    <subfield code="c">D33</subfield>
    <subfield code="h">ZPO41357(2)</subfield>
    <subfield code="8">22373089670006446</subfield>
  </datafield>
  <datafield tag="HOL" ind1=" " ind2=" ">
    <subfield code="b">2021-04-15 16:13:06</subfield>
    <subfield code="8">22373089670006446</subfield>
    <subfield code="M">49HBZ_UDE</subfield>
    <subfield code="g">false</subfield>
    <subfield code="a">import</subfield>
  </datafield>
  <datafield tag="H52" ind1="8" ind2=" ">
    <subfield code="b">D0001</subfield>
    <subfield code="c">D43</subfield>
    <subfield code="h">XYG1451(2)_d</subfield>
    <subfield code="8">22373089620006446</subfield>
  </datafield>
  <datafield tag="HOL" ind1=" " ind2=" ">
    <subfield code="b">2021-04-15 16:13:06</subfield>
    <subfield code="8">22373089620006446</subfield>
    <subfield code="M">49HBZ_UDE</subfield>
    <subfield code="g">false</subfield>
    <subfield code="a">import</subfield>
  </datafield>
  <datafield tag="ITM" ind1=" " ind2=" ">
    <subfield code="H">22373089560006446</subfield>
    <subfield code="x">E31</subfield>
    <subfield code="f">BOOK</subfield>
    <subfield code="v">E31</subfield>
    <subfield code="p">10</subfield>
    <subfield code="X">System</subfield>
    <subfield code="U">2007-04-26 10:59:00</subfield>
    <subfield code="Y">2021-05-14 10:54:48</subfield>
    <subfield code="h">false</subfield>
    <subfield code="n">ZPH3644(2)+1</subfield>
    <subfield code="P">08</subfield>
    <subfield code="M">49HBZ_UDE</subfield>
    <subfield code="s">1</subfield>
    <subfield code="d">8</subfield>
    <subfield code="V">import</subfield>
    <subfield code="b">E00619021</subfield>
    <subfield code="a">23373089530006446</subfield>
    <subfield code="t">8</subfield>
    <subfield code="c">ZPH3644(2)</subfield>
    <subfield code="S">MB-07-2708</subfield>
    <subfield code="B">07/5149</subfield>
    <subfield code="K">Achtung: 1 Beil. im Buch</subfield>
    <subfield code="D">20070518</subfield>
    <subfield code="W">2021-04-15 16:13:06</subfield>
    <subfield code="u">E0001</subfield>
    <subfield code="w">E0001</subfield>
  </datafield>
  <datafield tag="ITM" ind1=" " ind2=" ">
    <subfield code="H">22373089560006446</subfield>
    <subfield code="x">E31</subfield>
    <subfield code="f">BOOK</subfield>
    <subfield code="v">E31</subfield>
    <subfield code="p">10</subfield>
    <subfield code="X">System</subfield>
    <subfield code="U">2002-04-26 10:59:00</subfield>
    <subfield code="Y">2021-05-14 10:54:48</subfield>
    <subfield code="h">false</subfield>
    <subfield code="n">ZPH3644(2)</subfield>
    <subfield code="P">19</subfield>
    <subfield code="M">49HBZ_UDE</subfield>
    <subfield code="s">1</subfield>
    <subfield code="d">8</subfield>
    <subfield code="V">import</subfield>
    <subfield code="b">E00003082</subfield>
    <subfield code="a">23373089540006446</subfield>
    <subfield code="t">8</subfield>
    <subfield code="c">ZPH3644(2)</subfield>
    <subfield code="S">02-4291</subfield>
    <subfield code="B">02/4463</subfield>
    <subfield code="K">Achtung: 1 Beil. im Buch</subfield>
    <subfield code="D">20020606</subfield>
    <subfield code="W">2021-04-15 16:13:06</subfield>
    <subfield code="u">E0001</subfield>
    <subfield code="w">E0001</subfield>
  </datafield>
  <datafield tag="ITM" ind1=" " ind2=" ">
    <subfield code="H">22373089620006446</subfield>
    <subfield code="x">D43</subfield>
    <subfield code="f">BOOK</subfield>
    <subfield code="v">D43</subfield>
    <subfield code="p">10</subfield>
    <subfield code="X">System</subfield>
    <subfield code="U">2010-10-21 10:59:00</subfield>
    <subfield code="Y">2021-05-14 10:54:48</subfield>
    <subfield code="h">false</subfield>
    <subfield code="n">XYG1451(2)+1_d</subfield>
    <subfield code="M">49HBZ_UDE</subfield>
    <subfield code="s">1</subfield>
    <subfield code="d">8</subfield>
    <subfield code="V">import</subfield>
    <subfield code="b">D00112951</subfield>
    <subfield code="a">23373089580006446</subfield>
    <subfield code="t">8</subfield>
    <subfield code="c">XYG1451(2)_d</subfield>
    <subfield code="B">01-5722</subfield>
    <subfield code="D">20101021</subfield>
    <subfield code="W">2021-04-15 16:13:06</subfield>
    <subfield code="u">D0001</subfield>
    <subfield code="w">D0001</subfield>
  </datafield>
  <datafield tag="ITM" ind1=" " ind2=" ">
    <subfield code="H">22373089670006446</subfield>
    <subfield code="x">D33</subfield>
    <subfield code="f">BOOK</subfield>
    <subfield code="v">D33</subfield>
    <subfield code="p">10</subfield>
    <subfield code="X">System</subfield>
    <subfield code="U">2009-07-17 10:59:00</subfield>
    <subfield code="Y">2021-05-14 10:54:48</subfield>
    <subfield code="h">false</subfield>
    <subfield code="n">ZPO41357(2)</subfield>
    <subfield code="P">19</subfield>
    <subfield code="M">49HBZ_UDE</subfield>
    <subfield code="s">1</subfield>
    <subfield code="d">8</subfield>
    <subfield code="V">import</subfield>
    <subfield code="b">DE00380164</subfield>
    <subfield code="a">23373089640006446</subfield>
    <subfield code="t">8</subfield>
    <subfield code="c">ZPO41357(2)</subfield>
    <subfield code="S">M09-5005</subfield>
    <subfield code="B">09-11807</subfield>
    <subfield code="D">20090803</subfield>
    <subfield code="W">2021-04-15 16:13:06</subfield>
    <subfield code="u">D0001</subfield>
    <subfield code="w">D0001</subfield>
  </datafield>
  <datafield tag="ITM" ind1=" " ind2=" ">
    <subfield code="H">22373089620006446</subfield>
    <subfield code="x">D43</subfield>
    <subfield code="f">BOOK</subfield>
    <subfield code="v">D43</subfield>
    <subfield code="p">10</subfield>
    <subfield code="X">System</subfield>
    <subfield code="U">2001-07-11 10:59:00</subfield>
    <subfield code="Y">2021-05-14 10:54:47</subfield>
    <subfield code="h">false</subfield>
    <subfield code="n">XYG1451(2)_d</subfield>
    <subfield code="M">49HBZ_UDE</subfield>
    <subfield code="s">0</subfield>
    <subfield code="d">8</subfield>
    <subfield code="V">import</subfield>
    <subfield code="b">E00899822</subfield>
    <subfield code="a">23373089600006446</subfield>
    <subfield code="t">8</subfield>
    <subfield code="c">XYG1451(2)_d</subfield>
    <subfield code="r">LOAN</subfield>
    <subfield code="B">01-5721</subfield>
    <subfield code="K">1 Beilage</subfield>
    <subfield code="D">20010711</subfield>
    <subfield code="W">2021-04-15 16:13:06</subfield>
    <subfield code="u">D0001</subfield>
    <subfield code="w">D0001</subfield>
  </datafield>
  <datafield tag="H52" ind1=" " ind2=" ">
    <subfield code="b">W0001</subfield>
    <subfield code="c">83</subfield>
    <subfield code="h"></subfield>
    <subfield code="8">22109094320006447</subfield>
  </datafield>
  <datafield tag="HOL" ind1=" " ind2=" ">
    <subfield code="b">2021-04-06 06:46:20</subfield>
    <subfield code="8">22109094320006447</subfield>
    <subfield code="M">49HBZ_WUP</subfield>
    <subfield code="g">false</subfield>
    <subfield code="a">import</subfield>
  </datafield>
  <datafield tag="H52" ind1=" " ind2=" ">
    <subfield code="b">W0001</subfield>
    <subfield code="c">87</subfield>
    <subfield code="h"></subfield>
    <subfield code="8">22109094300006447</subfield>
  </datafield>
  <datafield tag="HOL" ind1=" " ind2=" ">
    <subfield code="b">2021-04-06 06:46:20</subfield>
    <subfield code="8">22109094300006447</subfield>
    <subfield code="M">49HBZ_WUP</subfield>
    <subfield code="g">false</subfield>
    <subfield code="a">import</subfield>
  </datafield>
  <datafield tag="ITM" ind1=" " ind2=" ">
    <subfield code="H">22109094320006447</subfield>
    <subfield code="x">83</subfield>
    <subfield code="f">BOOK</subfield>
    <subfield code="v">83</subfield>
    <subfield code="p">11</subfield>
    <subfield code="X">ID102752</subfield>
    <subfield code="U">2001-05-03 10:59:00</subfield>
    <subfield code="Y">2021-06-25 12:33:44</subfield>
    <subfield code="h">false</subfield>
    <subfield code="n">XYG1362(2)</subfield>
    <subfield code="M">49HBZ_WUP</subfield>
    <subfield code="s">1</subfield>
    <subfield code="d">#</subfield>
    <subfield code="V">import</subfield>
    <subfield code="b">W00254126</subfield>
    <subfield code="O">Process Status: AA</subfield>
    <subfield code="a">23109094310006447</subfield>
    <subfield code="t">8</subfield>
    <subfield code="B">01/7012</subfield>
    <subfield code="D">20010503</subfield>
    <subfield code="W">2021-04-06 06:46:20</subfield>
    <subfield code="u">W0001</subfield>
    <subfield code="w">W0001</subfield>
  </datafield>
  <datafield tag="ITM" ind1=" " ind2=" ">
    <subfield code="H">22109094300006447</subfield>
    <subfield code="x">87</subfield>
    <subfield code="f">BOOK</subfield>
    <subfield code="v">87</subfield>
    <subfield code="p">11</subfield>
    <subfield code="X">System</subfield>
    <subfield code="U">2001-05-03 10:59:00</subfield>
    <subfield code="Y">2021-04-06 06:49:06</subfield>
    <subfield code="h">false</subfield>
    <subfield code="n">XYG1362(2)+1</subfield>
    <subfield code="M">49HBZ_WUP</subfield>
    <subfield code="s">1</subfield>
    <subfield code="d">#</subfield>
    <subfield code="V">import</subfield>
    <subfield code="b">000122284000020</subfield>
    <subfield code="a">23109094290006447</subfield>
    <subfield code="t">8</subfield>
    <subfield code="R">Maintenance count: 007</subfield>
    <subfield code="B">01/7013</subfield>
    <subfield code="D">20010503</subfield>
    <subfield code="W">2021-04-06 06:46:20</subfield>
    <subfield code="u">W0001</subfield>
    <subfield code="w">W0001</subfield>
  </datafield>
  <datafield tag="H52" ind1="8" ind2=" ">
    <subfield code="b">X0001</subfield>
    <subfield code="c">02</subfield>
    <subfield code="h">wirq509.m946</subfield>
    <subfield code="8">22240804790006443</subfield>
  </datafield>
  <datafield tag="HOL" ind1=" " ind2=" ">
    <subfield code="b">2021-04-01 09:09:32</subfield>
    <subfield code="8">22240804790006443</subfield>
    <subfield code="M">49HBZ_DUE</subfield>
    <subfield code="g">false</subfield>
    <subfield code="a">import</subfield>
  </datafield>
  <datafield tag="H52" ind1="8" ind2=" ">
    <subfield code="b">X0081</subfield>
    <subfield code="c">81P</subfield>
    <subfield code="h">jurj354.m946</subfield>
    <subfield code="8">22240804770006443</subfield>
  </datafield>
  <datafield tag="HOL" ind1=" " ind2=" ">
    <subfield code="b">2021-04-01 09:09:32</subfield>
    <subfield code="8">22240804770006443</subfield>
    <subfield code="M">49HBZ_DUE</subfield>
    <subfield code="g">false</subfield>
    <subfield code="a">import</subfield>
  </datafield>
  <datafield tag="ITM" ind1=" " ind2=" ">
    <subfield code="H">22240804790006443</subfield>
    <subfield code="x">02</subfield>
    <subfield code="f">BOOK</subfield>
    <subfield code="v">02</subfield>
    <subfield code="p">10</subfield>
    <subfield code="X">System</subfield>
    <subfield code="U">2001-09-25 10:59:00</subfield>
    <subfield code="Y">2021-04-01 09:10:18</subfield>
    <subfield code="h">false</subfield>
    <subfield code="M">49HBZ_DUE</subfield>
    <subfield code="s">1</subfield>
    <subfield code="d">8</subfield>
    <subfield code="V">import</subfield>
    <subfield code="b">103207801</subfield>
    <subfield code="a">23240804780006443</subfield>
    <subfield code="R">Maintenance count: 031</subfield>
    <subfield code="c">wirq509.m946</subfield>
    <subfield code="W">2021-04-01 09:09:32</subfield>
    <subfield code="u">X0001</subfield>
    <subfield code="w">X0001</subfield>
  </datafield>
  <datafield tag="ITM" ind1=" " ind2=" ">
    <subfield code="H">22240804770006443</subfield>
    <subfield code="x">HA</subfield>
    <subfield code="f">BOOK</subfield>
    <subfield code="v">81P</subfield>
    <subfield code="p">32</subfield>
    <subfield code="X">System</subfield>
    <subfield code="U">2002-10-21 10:59:00</subfield>
    <subfield code="Y">2021-05-30 09:08:06</subfield>
    <subfield code="h">false</subfield>
    <subfield code="P">16/d/n/1</subfield>
    <subfield code="M">49HBZ_DUE</subfield>
    <subfield code="s">0</subfield>
    <subfield code="d">8</subfield>
    <subfield code="V">import</subfield>
    <subfield code="b">102884901</subfield>
    <subfield code="O">umgesetzt ha</subfield>
    <subfield code="a">23240804760006443</subfield>
    <subfield code="c">jurj354.m946</subfield>
    <subfield code="r">LOAN</subfield>
    <subfield code="S">FB6418</subfield>
    <subfield code="D">20021120</subfield>
    <subfield code="W">2021-04-01 09:09:32</subfield>
    <subfield code="u">X0081</subfield>
    <subfield code="w">X0001</subfield>
  </datafield>
  <datafield tag="GST" ind1=" " ind2=" ">
    <subfield code="a">Stromwirtschaft</subfield>
    <subfield code="A">GND</subfield>
    <subfield code="B">GND-040142280</subfield>
    <subfield code="C">450</subfield>
  </datafield>
  <datafield tag="GST" ind1=" " ind2=" ">
    <subfield code="a">Elektrizita&#776;t</subfield>
    <subfield code="x">Energiewirtschaft</subfield>
    <subfield code="A">GND</subfield>
    <subfield code="B">GND-040142280</subfield>
    <subfield code="C">450</subfield>
  </datafield>
  <datafield tag="GST" ind1=" " ind2=" ">
    <subfield code="a">Elektrizita&#776;t</subfield>
    <subfield code="x">Wirtschaft</subfield>
    <subfield code="A">GND</subfield>
    <subfield code="B">GND-040142280</subfield>
    <subfield code="C">450</subfield>
  </datafield>
  <datafield tag="GST" ind1=" " ind2=" ">
    <subfield code="a">Elektrischer Strom</subfield>
    <subfield code="x">Energiewirtschaft</subfield>
    <subfield code="A">GND</subfield>
    <subfield code="B">GND-040142280</subfield>
    <subfield code="C">450</subfield>
  </datafield>
  <datafield tag="GSI" ind1="7" ind2=" ">
    <subfield code="a">http://d-nb.info/gnd/4014228-0</subfield>
    <subfield code="2">uri</subfield>
    <subfield code="A">GND</subfield>
    <subfield code="B">GND-040142280</subfield>
    <subfield code="C">024</subfield>
  </datafield>
  <datafield tag="GSI" ind1="7" ind2=" ">
    <subfield code="a">http://d-nb.info/gnd/4011882-4</subfield>
    <subfield code="2">uri</subfield>
    <subfield code="A">GND</subfield>
    <subfield code="B">GND-040118827</subfield>
    <subfield code="C">024</subfield>
  </datafield>
  <datafield tag="GGN" ind1=" " ind2=" ">
    <subfield code="a">Deutsche La&#776;nder</subfield>
    <subfield code="9">v:als Sammelbezeichnung fu&#776;r die RVK</subfield>
    <subfield code="A">GND</subfield>
    <subfield code="B">GND-040118827</subfield>
    <subfield code="C">451</subfield>
  </datafield>
  <datafield tag="GGN" ind1=" " ind2=" ">
    <subfield code="a">Germany</subfield>
    <subfield code="g">Deutschland</subfield>
    <subfield code="A">GND</subfield>
    <subfield code="B">GND-040118827</subfield>
    <subfield code="C">451</subfield>
  </datafield>
  <datafield tag="GGN" ind1=" " ind2=" ">
    <subfield code="a">Heiliges Ro&#776;misches Reich</subfield>
    <subfield code="4">naaf</subfield>
    <subfield code="4">http://d-nb.info/standards/elementset/gnd#variantName</subfield>
    <subfield code="w">r</subfield>
    <subfield code="i">Alte Ansetzungsform</subfield>
    <subfield code="A">GND</subfield>
    <subfield code="B">GND-040118827</subfield>
    <subfield code="C">451</subfield>
  </datafield>
  <datafield tag="GGN" ind1=" " ind2=" ">
    <subfield code="a">Rheinbund</subfield>
    <subfield code="4">naaf</subfield>
    <subfield code="4">http://d-nb.info/standards/elementset/gnd#variantName</subfield>
    <subfield code="w">r</subfield>
    <subfield code="i">Alte Ansetzungsform</subfield>
    <subfield code="A">GND</subfield>
    <subfield code="B">GND-040118827</subfield>
    <subfield code="C">451</subfield>
  </datafield>
  <datafield tag="GGN" ind1=" " ind2=" ">
    <subfield code="a">Deutscher Bund</subfield>
    <subfield code="4">naaf</subfield>
    <subfield code="4">http://d-nb.info/standards/elementset/gnd#variantName</subfield>
    <subfield code="w">r</subfield>
    <subfield code="i">Alte Ansetzungsform</subfield>
    <subfield code="A">GND</subfield>
    <subfield code="B">GND-040118827</subfield>
    <subfield code="C">451</subfield>
  </datafield>
  <datafield tag="GGN" ind1=" " ind2=" ">
    <subfield code="a">Norddeutscher Bund</subfield>
    <subfield code="4">naaf</subfield>
    <subfield code="4">http://d-nb.info/standards/elementset/gnd#variantName</subfield>
    <subfield code="w">r</subfield>
    <subfield code="i">Alte Ansetzungsform</subfield>
    <subfield code="A">GND</subfield>
    <subfield code="B">GND-040118827</subfield>
    <subfield code="C">451</subfield>
  </datafield>
  <datafield tag="GGN" ind1=" " ind2=" ">
    <subfield code="a">Deutsches Reich</subfield>
    <subfield code="4">naaf</subfield>
    <subfield code="4">http://d-nb.info/standards/elementset/gnd#variantName</subfield>
    <subfield code="w">r</subfield>
    <subfield code="i">Alte Ansetzungsform</subfield>
    <subfield code="A">GND</subfield>
    <subfield code="B">GND-040118827</subfield>
    <subfield code="C">451</subfield>
  </datafield>
  <datafield tag="GGN" ind1=" " ind2=" ">
    <subfield code="a">Deutschland</subfield>
    <subfield code="g">Gebiet unter Alliierter Besatzung</subfield>
    <subfield code="4">naaf</subfield>
    <subfield code="4">http://d-nb.info/standards/elementset/gnd#variantName</subfield>
    <subfield code="w">r</subfield>
    <subfield code="i">Alte Ansetzungsform</subfield>
    <subfield code="A">GND</subfield>
    <subfield code="B">GND-040118827</subfield>
    <subfield code="C">451</subfield>
  </datafield>
  <datafield tag="GGN" ind1=" " ind2=" ">
    <subfield code="a">Deutschland</subfield>
    <subfield code="g">Bundesrepublik, 1990-</subfield>
    <subfield code="A">GND</subfield>
    <subfield code="B">GND-040118827</subfield>
    <subfield code="C">451</subfield>
  </datafield>
  <datafield tag="GGN" ind1=" " ind2=" ">
    <subfield code="a">BRD</subfield>
    <subfield code="g">1990-</subfield>
    <subfield code="A">GND</subfield>
    <subfield code="B">GND-040118827</subfield>
    <subfield code="C">451</subfield>
  </datafield>
  <datafield tag="GGN" ind1=" " ind2=" ">
    <subfield code="a">Federal Republic of Germany</subfield>
    <subfield code="g">Deutschland</subfield>
    <subfield code="A">GND</subfield>
    <subfield code="B">GND-040118827</subfield>
    <subfield code="C">451</subfield>
  </datafield>
  <datafield tag="GGN" ind1=" " ind2=" ">
    <subfield code="a">Republic of Germany</subfield>
    <subfield code="g">Deutschland</subfield>
    <subfield code="A">GND</subfield>
    <subfield code="B">GND-040118827</subfield>
    <subfield code="C">451</subfield>
  </datafield>
  <datafield tag="GGN" ind1=" " ind2=" ">
    <subfield code="a">Allemagne</subfield>
    <subfield code="g">Deutschland</subfield>
    <subfield code="A">GND</subfield>
    <subfield code="B">GND-040118827</subfield>
    <subfield code="C">451</subfield>
  </datafield>
  <datafield tag="GGN" ind1=" " ind2=" ">
    <subfield code="a">G&#780;umhu&#772;ri&#772;yat Alma&#772;niya&#772; al-Ittih&#803;a&#772;di&#772;ya</subfield>
    <subfield code="A">GND</subfield>
    <subfield code="B">GND-040118827</subfield>
    <subfield code="C">451</subfield>
  </datafield>
  <datafield tag="GGN" ind1=" " ind2=" ">
    <subfield code="a">Bundesrepublik Deutschland</subfield>
    <subfield code="g">1990-</subfield>
    <subfield code="A">GND</subfield>
    <subfield code="B">GND-040118827</subfield>
    <subfield code="C">451</subfield>
  </datafield>
  <datafield tag="GGN" ind1=" " ind2=" ">
    <subfield code="a">BRD</subfield>
    <subfield code="4">abku</subfield>
    <subfield code="4">http://d-nb.info/standards/elementset/gnd#abbreviatedNameForThePlaceOrGeographicName</subfield>
    <subfield code="w">r</subfield>
    <subfield code="i">Abkuerzung</subfield>
    <subfield code="A">GND</subfield>
    <subfield code="B">GND-040118827</subfield>
    <subfield code="C">451</subfield>
  </datafield>
  <datafield tag="GGN" ind1=" " ind2=" ">
    <subfield code="a">Niemcy</subfield>
    <subfield code="A">GND</subfield>
    <subfield code="B">GND-040118827</subfield>
    <subfield code="C">451</subfield>
  </datafield>
  <datafield tag="GGN" ind1=" " ind2=" ">
    <subfield code="a">Re&#769;publique Fe&#769;de&#769;rale d&apos;Allemagne</subfield>
    <subfield code="g">Deutschland</subfield>
    <subfield code="A">GND</subfield>
    <subfield code="B">GND-040118827</subfield>
    <subfield code="C">451</subfield>
  </datafield>
  <datafield tag="GGN" ind1=" " ind2=" ">
    <subfield code="a">Repubblica Federale di Germania</subfield>
    <subfield code="g">Deutschland</subfield>
    <subfield code="A">GND</subfield>
    <subfield code="B">GND-040118827</subfield>
    <subfield code="C">451</subfield>
  </datafield>
  <datafield tag="GGN" ind1=" " ind2=" ">
    <subfield code="a">Germanija</subfield>
    <subfield code="A">GND</subfield>
    <subfield code="B">GND-040118827</subfield>
    <subfield code="C">451</subfield>
  </datafield>
  <datafield tag="GGN" ind1=" " ind2=" ">
    <subfield code="a">Federativnaja Respublika Germanija</subfield>
    <subfield code="A">GND</subfield>
    <subfield code="B">GND-040118827</subfield>
    <subfield code="C">451</subfield>
  </datafield>
  <datafield tag="GGN" ind1=" " ind2=" ">
    <subfield code="a">FRG</subfield>
    <subfield code="4">abku</subfield>
    <subfield code="4">http://d-nb.info/standards/elementset/gnd#abbreviatedNameForThePlaceOrGeographicName</subfield>
    <subfield code="w">r</subfield>
    <subfield code="i">Abkuerzung</subfield>
    <subfield code="A">GND</subfield>
    <subfield code="B">GND-040118827</subfield>
    <subfield code="C">451</subfield>
  </datafield>
  <datafield tag="GGN" ind1=" " ind2=" ">
    <subfield code="a">Deyizhi-Lianbang-Gongheguo</subfield>
    <subfield code="A">GND</subfield>
    <subfield code="B">GND-040118827</subfield>
    <subfield code="C">451</subfield>
  </datafield>
  <datafield tag="GPN" ind1="1" ind2=" ">
    <subfield code="a">M&#252;ller, L.</subfield>
    <subfield code="d">1929-</subfield>
    <subfield code="A">GND</subfield>
    <subfield code="B">GND-1031919368</subfield>
    <subfield code="C">400</subfield>
  </datafield>
  <datafield tag="GSI" ind1="7" ind2=" ">
    <subfield code="a">1031919368</subfield>
    <subfield code="0">http://d-nb.info/gnd/1031919368</subfield>
    <subfield code="2">gnd</subfield>
    <subfield code="A">GND</subfield>
    <subfield code="B">GND-1031919368</subfield>
    <subfield code="C">024</subfield>
  </datafield>
</record>